

@INPROCEEDINGS{10863160,
  author={Manyam, Yashaswini and Sundaram, Srinidhi and Sahay, Apurvan},
  booktitle={2024 First International Conference for Women in Computing (InCoWoCo)},
  title={Sudoku Solver Algorithms: A Comparative Analysis},
  year={2024},
  volume={},
  number={},
  pages={1-9},
  keywords={Software testing;Ant colony optimization;Backtracking;Heuristic algorithms;Software algorithms;Games;User experience;Scheduling;Robustness;Resource management;Sudoku;Backtracking;Ant Colony Optimization;Constraint Propagation Algorithms;Time Complexity;Solution Quality;Analyzing algorithms},
  doi={10.1109/InCoWoCo64194.2024.10863160}}


@online{pycon,
  title={python-constraint},
  author={Willemsen, Floris-Jan and Celles, SÃ©bastien and Niemeyer, Gustavo},
  howpublished = {\url{https://pypi.org/project/python-constraint2/}},
  note = {Accessed on: 6.12.2025}
}


@book{russell_artificial_2022,
	address = {Boston},
	edition = {Fourth edition, global edition},
	series = {Prentice {Hall} series in artificial intelligence},
	title = {Artificial intelligence: a modern approach},
	isbn = {9781292401133 9781292401171},
	shorttitle = {Artificial intelligence},
	abstract = {The most comprehensive, up-to-date introduction to the theory and practice of artificial intelligence The long-anticipated revision of Artificial Intelligence: A Modern Approach explores the full breadth and depth of the field of artificial intelligence (AI). The 4th Edition brings readers up to date on the latest technologies, present concepts in a more unified manner, and offers new or expanded coverage of machine learning, deep learning, transfer learning, multi agent systems, robotics, natural language processing, causality, probabilistic programming, privacy, fairness, and safe AI},
	language = {eng},
	publisher = {Pearson},
	author = {Russell, Stuart J. and Norvig, Peter},
	collaborator = {Chang, Ming-wei and Devlin, Jacob and Dragan, Anca and Forsyth, David and Goodfellow, Ian and Malik, Jitendra and Mansinghka, Vikash and Pearl, Judea and Wooldridge, Michael J.},
	year = {2022},
}